<record><leader>00000cas a22000007a 4500</leader><controlfield tag="001">10670458</controlfield><controlfield tag="008">840427d188618uuohuwr ne      0    0eng d</controlfield><datafield ind1=" " ind2=" " tag="010"><subfield code="a">sn 84028286 </subfield></datafield><datafield ind1=" " ind2=" " tag="040"><subfield code="a">NPY</subfield><subfield code="b">eng</subfield><subfield code="c">NPY</subfield><subfield code="d">OCLCQ</subfield></datafield><datafield ind1=" " ind2=" " tag="042"><subfield code="a">msc</subfield></datafield><datafield ind1="0" ind2="0" tag="245"><subfield code="a">Chippewa croaker.</subfield></datafield><datafield ind1=" " ind2=" " tag="260"><subfield code="a">Chippewa Lake, Ohio :</subfield><subfield code="b">Burns &amp; Castle,</subfield><subfield code="c">1886-</subfield></datafield><datafield ind1=" " ind2=" " tag="300"><subfield code="a">v. :</subfield><subfield code="b">ill. ;</subfield><subfield code="c">40 cm.</subfield></datafield><datafield ind1=" " ind2=" " tag="310"><subfield code="a">Weekly</subfield></datafield><datafield ind1="0" ind2=" " tag="362"><subfield code="a">Vol. 1, no. 1 (June 18, 1886)-</subfield></datafield><datafield ind1=" " ind2=" " tag="521"><subfield code="a">"A resort journal devoted to the interests of Chippewa Lake, and general resort news ..."</subfield></datafield><datafield ind1=" " ind2=" " tag="752"><subfield code="a">United States</subfield><subfield code="b">Ohio</subfield><subfield code="c">Medina</subfield><subfield code="d">Chippewa Lake.</subfield></datafield></record>